@online{Versuchsanleitung,
  author = {TU Dortmund},
  title = {Versuch 14: Tomographie},
  year = "2019",
  note = "[Online; aufgerufen am 16.12.2019]"
}

@online{energie,
  author = {TU Dortmund},
  title = {Versuch 14: Tomographie},
  year = "2019",
  url = "fff",
  note = "[Online; aufgerufen am 16.12.2019]"
}
