@online{Versuchsanleitung,
  author = {TU Dortmund},
  title = {Versuch 48: Dipolrelaxation in Ionenkristallen},
  year = "2019",
  url="https://moodle.tu-dortmund.de/pluginfile.php/951415/mod_resource/content/2/V48_140519.pdf",
  note = "[Online; aufgerufen am 12.11.2019]"
}
