@online{Versuchsanleitung,
  author = {TU Dortmund},
  title = {Versuch 21: Optisches Pumpen},
  year = "2019",
  url="https://moodle.tu-dortmund.de/pluginfile.php/951410/mod_resource/content/1/V21.pdf",
  note = "[Online; aufgerufen am 24.10.2019]"
}

@online{erde,
  author = {Balck},
  title = {Erdmagnetfeld},
  year = "2017",
  url="http://www.biosensor-physik.de/biosensor/erdmagnetfeld.htm",
  note = "[Online; aufgerufen am 24.10.2019]"
}

@online{verh√§ltnis,
  author = {Internetchemie},
  title = {Rubidium-Isotope},
  year = "2019",
  url="https://www.internetchemie.info/chemische-elemente/rubidium-isotope.php",
  note = "[Online; aufgerufen am 24.10.2019]"
}
