@online{Versuchsanleitung,
  author = {TU Dortmund},
  title = {Versuch 101: Das Tr√§gheitsmoment},
  year = "2017",
  url="http://129.217.224.2/HOMEPAGE/PHYSIKER/BACHELOR/AP/SKRIPT/Traegheit.pdf",
  note = "[Online; aufgerufen am 24.10.2017]"
}

@online{pumpe,
  author = {Techniker Schule Butzbach},
  title = {Drehschieber-Vakuumpumpe},
  year = "2018",
  url="https://projektwiki.zum.de/wiki/Techniker_Schule_Butzbach/Verfahrenstechnik/F%C3%B6rdertechnik/Drehschieber-Vakuumpumpe",
  note = "[Online; aufgerufen am 01.12.2019]"
}
