@online{Versuchsanleitung,
  author = {TU Dortmund},
  title = {Versuch 27: Der Zeeman-Effekt},
  year = "2019",
  url="https://moodle.tu-dortmund.de/pluginfile.php/951412/mod_resource/content/1/V27-Mai2019.pdf",
  note = "[Online; aufgerufen am 24.11.2019]"
}

@online{cdrot,
  author = {Chemgapedia},
  title = {Atome im Magnetfeld},
  year = "2019",
  url="http://www.chemgapedia.de/vsengine/vlu/vsc/de/ch/13/vlu/analytik/aas/zeeman.vlu/Page/vsc/de/ch/13/pc/analytik/aas/aas4_ze3.vscml.html",
  note = "[Online; aufgerufen am 24.11.2019]"
}

@online{aufspaltung,
  author = {T. Kr√§hling},
  title = {Normaler Zeeman-Effekt},
  year = "2014",
  url="http://www.semibyte.de/wp/physics/physics-blog/normaler-zeeman-effekt/",
  note = "[Online; aufgerufen am 24.11.2019]"
}

@online{cdblau,
  author = {Joachimi, Klobes},
  title = {Zeeman- und Paschen-Back-Effekt},
  year = "2005",
  url="https://astro.uni-bonn.de/~joachimi/fp/Zeeman-Paschen-Back-Effekt.pdf",
  note = "[Online; aufgerufen am 24.11.2019]"
}

https://astro.uni-bonn.de/~joachimi/fp/Zeeman-Paschen-Back-Effekt.pdf
